%% This BibTeX bibliography file was created using BibDesk.
%% http://bibdesk.sourceforge.net/

%% Created for Trevor Bedford at 2017-08-11 12:07:31 -0700 


%% Saved with string encoding Unicode (UTF-8) 



@article{neher2015nextflu,
	Author = {Neher, Richard A and Bedford, Trevor},
	Date-Added = {2015-08-17 22:33:51 +0000},
	Date-Modified = {2017-08-11 19:07:31 +0000},
	Journal = {Bioinformatics},
	Pages = {3546--3548},
	Title = {nextflu: real-time tracking of seasonal influenza virus evolution in humans},
	Volume = {31},
	Year = {2015}}
